<collection xmlns="http://www.loc.gov/MARC21/slim">
<record>
  <leader>02565nam0a22004571i 450 </leader>
  <controlfield tag="001">IT\ICCU\CNCE\062332</controlfield>
  <controlfield tag="005">20080220000000.0</controlfield>
  <datafield tag="012" ind1=" " ind2=" ">
    <subfield code="a">usne itnt umum SiS: (C) 1502 (A)</subfield>
    <subfield code="2">fei</subfield>
  </datafield>
  <datafield tag="100" ind1=" " ind2=" ">
    <subfield code="a">20051107d1502        0itac0103    ba</subfield>
  </datafield>
  <datafield tag="101" ind1=" " ind2=" ">
    <subfield code="a">LAT</subfield>
  </datafield>
  <datafield tag="102" ind1=" " ind2=" ">
    <subfield code="a">IT</subfield>
  </datafield>
  <datafield tag="200" ind1="1" ind2=" ">
    <subfield code="a">℗Valerii probi grammatici ℗De interpretandis romanorum litteris opusculum feliciter incipit. Romanorum ciuium nomina: ... Samonici Sereni. ex quinto libro rerum recoditarum. Phylisci consolatoria Marco Ciceroni colloquenti praestita dum in macedonia exularet per Ioannem aurispam e graeco in latinum traducta</subfield>
  </datafield>
  <datafield tag="210" ind1=" " ind2=" ">
    <subfield code="e">Impressum Venetiis</subfield>
    <subfield code="g">per Ioannem de Tridino alias Tacuinum</subfield>
    <subfield code="h">1502 die quarto februarii</subfield>
  </datafield>
  <datafield tag="215" ind1=" " ind2=" ">
    <subfield code="a">\20! c.</subfield>
    <subfield code="c">ill.</subfield>
    <subfield code="d">4ʻ</subfield>
  </datafield>
  <datafield tag="300" ind1=" " ind2=" ">
    <subfield code="a">A cura di Giovanni Bonardo il cui nome figura nella pref</subfield>
  </datafield>
  <datafield tag="620" ind1=" " ind2=" ">
    <subfield code="a">IT</subfield>
    <subfield code="d">Venezia</subfield>
  </datafield>
  <datafield tag="700" ind1=" " ind2="1">
    <subfield code="a">Probus,</subfield>
    <subfield code="b">Marcus Valerius</subfield>
    <subfield code="3">IT\ICCU\CNCA\004470</subfield>
  </datafield>
  <datafield tag="702" ind1=" " ind2="1">
    <subfield code="a">Aurispa,</subfield>
    <subfield code="b">Giovanni</subfield>
    <subfield code="3">IT\ICCU\CNCA\006431</subfield>
  </datafield>
  <datafield tag="702" ind1=" " ind2="1">
    <subfield code="a">Bonardo,</subfield>
    <subfield code="b">Giovanni</subfield>
    <subfield code="3">IT\ICCU\CNCA\024473</subfield>
  </datafield>
  <datafield tag="702" ind1=" " ind2="1">
    <subfield code="a">Cicero,</subfield>
    <subfield code="b">Marcus Tullius</subfield>
    <subfield code="3">IT\ICCU\CNCA\002170</subfield>
  </datafield>
  <datafield tag="702" ind1=" " ind2="1">
    <subfield code="a">Serenus Sammonicus,</subfield>
    <subfield code="b">Quintus</subfield>
    <subfield code="3">IT\ICCU\CNCA\002267</subfield>
  </datafield>
  <datafield tag="712" ind1="0" ind2="0">
    <subfield code="a">Tacuino, Giovanni</subfield>
    <subfield code="3">IT\ICCU\CNCT\000206</subfield>
    <subfield code="4">650</subfield>
  </datafield>
  <datafield tag="790" ind1=" " ind2="0">
    <subfield code="a">Probus</subfield>
    <subfield code="3">IT\ICCU\CNCA\017417</subfield>
    <subfield code="z">Probus, Marcus Valerius</subfield>
  </datafield>
  <datafield tag="790" ind1=" " ind2="1">
    <subfield code="a">Probus Berytius,</subfield>
    <subfield code="b">Marcus Valerius</subfield>
    <subfield code="3">IT\ICCU\CNCA\018685</subfield>
    <subfield code="z">Probus, Marcus Valerius</subfield>
  </datafield>
  <datafield tag="790" ind1=" " ind2="1">
    <subfield code="a">Probus,</subfield>
    <subfield code="b">Valerius</subfield>
    <subfield code="3">IT\ICCU\CNCA\022681</subfield>
    <subfield code="z">Probus, Marcus Valerius</subfield>
  </datafield>
  <datafield tag="790" ind1=" " ind2="1">
    <subfield code="a">Aurispa,</subfield>
    <subfield code="b">Ioannes</subfield>
    <subfield code="3">IT\ICCU\CNCA\028067</subfield>
    <subfield code="z">Aurispa, Giovanni</subfield>
  </datafield>
  <datafield tag="790" ind1=" " ind2="1">
    <subfield code="a">Bonardus,</subfield>
    <subfield code="b">Joannes</subfield>
    <subfield code="3">IT\ICCU\CNCA\025008</subfield>
    <subfield code="z">Bonardo, Giovanni</subfield>
  </datafield>
  <datafield tag="790" ind1=" " ind2="1">
    <subfield code="a">Bonardi,</subfield>
    <subfield code="b">Giovanni</subfield>
    <subfield code="3">IT\ICCU\CNCA\025009</subfield>
    <subfield code="z">Bonardo, Giovanni</subfield>
  </datafield>
  <datafield tag="790" ind1=" " ind2="1">
    <subfield code="a">Tullius Cicero,</subfield>
    <subfield code="b">Marcus</subfield>
    <subfield code="3">IT\ICCU\CNCA\020042</subfield>
    <subfield code="z">Cicero, Marcus Tullius</subfield>
  </datafield>
  <datafield tag="790" ind1=" " ind2="1">
    <subfield code="a">Sammonicus,</subfield>
    <subfield code="b">Quintus Serenus</subfield>
    <subfield code="3">IT\ICCU\CNCA\025762</subfield>
    <subfield code="z">Serenus Sammonicus, Quintus</subfield>
  </datafield>
  <datafield tag="790" ind1=" " ind2="1">
    <subfield code="a">Sereno,</subfield>
    <subfield code="b">Quinto</subfield>
    <subfield code="3">IT\ICCU\CNCA\025763</subfield>
    <subfield code="z">Serenus Sammonicus, Quintus</subfield>
  </datafield>
  <datafield tag="791" ind1="0" ind2="0">
    <subfield code="a">Cereto, Ioannes de</subfield>
    <subfield code="3">IT\ICCU\CNCT\002713</subfield>
    <subfield code="z">Tacuino, Giovanni</subfield>
  </datafield>
  <datafield tag="791" ind1="0" ind2="2">
    <subfield code="a">Ioannes de Cereto de Tridino</subfield>
    <subfield code="3">IT\ICCU\CNCT\002724</subfield>
    <subfield code="z">Tacuino, Giovanni</subfield>
  </datafield>
  <datafield tag="791" ind1="0" ind2="0">
    <subfield code="a">Tacuinus, Ioannes</subfield>
    <subfield code="3">IT\ICCU\CNCT\005546</subfield>
    <subfield code="z">Tacuino, Giovanni</subfield>
  </datafield>
  <datafield tag="801" ind1=" " ind2="3">
    <subfield code="a">IT</subfield>
    <subfield code="b">ICCU</subfield>
    <subfield code="c">20201115</subfield>
  </datafield>
  <datafield tag="899" ind1=" " ind2=" ">
    <subfield code="a">Biblioteca Giovardiana. Veroli</subfield>
    <subfield code="1">FR0072</subfield>
    <subfield code="2">RMS G1</subfield>
  </datafield>
  <datafield tag="899" ind1=" " ind2=" ">
    <subfield code="a">Biblioteca nazionale Braidense. Milano</subfield>
    <subfield code="1">MI0185</subfield>
    <subfield code="2">MIL NB</subfield>
  </datafield>
  <datafield tag="899" ind1=" " ind2=" ">
    <subfield code="a">Biblioteca  Panizzi. Reggio Emilia</subfield>
    <subfield code="1">RE0052</subfield>
    <subfield code="2">RE2 PA</subfield>
  </datafield>
  <datafield tag="899" ind1=" " ind2=" ">
    <subfield code="a">Biblioteca nazionale centrale. Roma</subfield>
    <subfield code="1">RM0267</subfield>
    <subfield code="2">BVE CR</subfield>
  </datafield>
  <datafield tag="899" ind1=" " ind2=" ">
    <subfield code="a">Biblioteca Casanatense. Roma</subfield>
    <subfield code="1">RM0313</subfield>
    <subfield code="2">RML 07</subfield>
  </datafield>
  <datafield tag="899" ind1=" " ind2=" ">
    <subfield code="a">Biblioteca civica Bertoliana. Vicenza</subfield>
    <subfield code="z">MUTILO</subfield>
    <subfield code="1">VI0096</subfield>
    <subfield code="2">VIA BE</subfield>
  </datafield>
</record>
</collection>
